<collection xmlns="http://www.loc.gov/MARC21/slim">
<record>
  <leader>01308nam0a2200253 i 450 </leader>
  <controlfield tag="001">IT\ICCU\CNCE\038281</controlfield>
  <controlfield tag="005">20150915000000.0</controlfield>
  <datafield tag="012" ind1=" " ind2=" ">
    <subfield code="a">elRe e,on ardi peti (C) 1582 (Q)</subfield>
    <subfield code="2">fei</subfield>
  </datafield>
  <datafield tag="100" ind1=" " ind2=" ">
    <subfield code="a">19981028f1582        0itac0103    ba</subfield>
  </datafield>
  <datafield tag="101" ind1=" " ind2=" ">
    <subfield code="a">LAT</subfield>
  </datafield>
  <datafield tag="102" ind1=" " ind2=" ">
    <subfield code="a">IT</subfield>
  </datafield>
  <datafield tag="200" ind1="1" ind2=" ">
    <subfield code="a">Oratione di Pasquale Sauli patritio genouese, et dottor di legge, nell&apos;ingresso al gouerno della serenissima Republica di Genoua, delli eccellentissimi Francesco Montebruno, Gieronimo Caneu,̉ Giacomo Moneglia, Andrea Viualdo, &amp; Paolo Sauli. Il primo di genaro MDLXXXII</subfield>
  </datafield>
  <datafield tag="210" ind1=" " ind2=" ">
    <subfield code="a">In Genoua</subfield>
    <subfield code="c">\Antonio Roccatagliata!</subfield>
    <subfield code="d">\1582!</subfield>
  </datafield>
  <datafield tag="215" ind1=" " ind2=" ">
    <subfield code="a">7, \1! c.</subfield>
    <subfield code="d">4ʻ</subfield>
  </datafield>
  <datafield tag="620" ind1=" " ind2=" ">
    <subfield code="a">IT</subfield>
    <subfield code="d">Genova</subfield>
  </datafield>
  <datafield tag="700" ind1=" " ind2="1">
    <subfield code="a">Sauli,</subfield>
    <subfield code="b">Pasquale</subfield>
    <subfield code="3">IT\ICCU\CNCA\009142</subfield>
  </datafield>
  <datafield tag="712" ind1="0" ind2="0">
    <subfield code="a">Roccatagliata, Antonio</subfield>
    <subfield code="3">IT\ICCU\CNCT\000343</subfield>
    <subfield code="4">650</subfield>
  </datafield>
  <datafield tag="790" ind1=" " ind2="1">
    <subfield code="a">Saulius,</subfield>
    <subfield code="b">Paschalis</subfield>
    <subfield code="3">IT\ICCU\CNCA\023906</subfield>
    <subfield code="z">Sauli, Pasquale</subfield>
  </datafield>
  <datafield tag="801" ind1=" " ind2="3">
    <subfield code="a">IT</subfield>
    <subfield code="b">ICCU</subfield>
    <subfield code="c">20201114</subfield>
  </datafield>
  <datafield tag="899" ind1=" " ind2=" ">
    <subfield code="a">Biblioteca civica Aprosiana. Ventimiglia</subfield>
    <subfield code="1">IM0038</subfield>
    <subfield code="2">LI3 VM</subfield>
  </datafield>
  <datafield tag="899" ind1=" " ind2=" ">
    <subfield code="a">Biblioteca comunale Manfrediana. Faenza</subfield>
    <subfield code="1">RA0016</subfield>
    <subfield code="2">RAV FA</subfield>
  </datafield>
  <datafield tag="899" ind1=" " ind2=" ">
    <subfield code="a">Biblioteca Reale. Torino</subfield>
    <subfield code="1">TO0263</subfield>
    <subfield code="2">TO0 07</subfield>
  </datafield>
  <datafield tag="911" ind1=" " ind2=" ">
    <subfield code="a">Sul front.</subfield>
    <subfield code="9">IT\ICCU\CNCM\001907</subfield>
  </datafield>
  <datafield tag="921" ind1=" " ind2=" ">
    <subfield code="a">IT\ICCU\CNCM\001907</subfield>
    <subfield code="b">Roccia spaccata in due da un albero che le cresce nel mezzo. In alto stella. In cornice figurata</subfield>
    <subfield code="e">Hinc quoque hoc auspice gemmae</subfield>
    <subfield code="c">Z998</subfield>
    <subfield code="f">ROCCIA</subfield>
    <subfield code="f">STELLA</subfield>
    <subfield code="g">[1582]</subfield>
  </datafield>
</record>
</collection>
